<record><leader>00000cas a2200000 a 4500</leader><controlfield tag="001">25126682</controlfield><controlfield tag="008">920117d18881uuuiluwr ne      0   a0eng c</controlfield><datafield ind1=" " ind2=" " tag="010"><subfield code="a">sn 92053113 </subfield></datafield><datafield ind1=" " ind2=" " tag="040"><subfield code="a">NVF</subfield><subfield code="b">eng</subfield><subfield code="c">NVF</subfield><subfield code="d">OCL</subfield><subfield code="d">NVF</subfield><subfield code="d">OCLCQ</subfield><subfield code="d">NVF</subfield><subfield code="d">OCLCO</subfield><subfield code="d">OCLCF</subfield></datafield><datafield ind1="1" ind2=" " tag="029"><subfield code="a">AU@</subfield><subfield code="b">000020228598</subfield></datafield><datafield ind1=" " ind2=" " tag="042"><subfield code="a">pcc</subfield></datafield><datafield ind1=" " ind2=" " tag="043"><subfield code="a">n-us-il</subfield></datafield><datafield ind1="0" ind2=" " tag="130"><subfield code="a">Sidell reporter (Sidell, Ill. : 1890)</subfield></datafield><datafield ind1="1" ind2="4" tag="245"><subfield code="a">The Sidell reporter.</subfield></datafield><datafield ind1=" " ind2=" " tag="260"><subfield code="a">Sidell, Ill. :</subfield><subfield code="b">C.A. Wright</subfield></datafield><datafield ind1=" " ind2=" " tag="300"><subfield code="a">volumes</subfield></datafield><datafield ind1=" " ind2=" " tag="310"><subfield code="a">Weekly</subfield></datafield><datafield ind1="1" ind2=" " tag="362"><subfield code="a">Began in 1888?</subfield></datafield><datafield ind1=" " ind2=" " tag="588"><subfield code="a">Description based on: Vol. 3, no. 14 (Sept. 6, 1890).</subfield></datafield><datafield ind1=" " ind2=" " tag="588"><subfield code="a">Latest issue consulted: Jan. 19, 1895.</subfield></datafield><datafield ind1=" " ind2="0" tag="651"><subfield code="a">Sidell (Ill.)</subfield><subfield code="v">Newspapers.</subfield></datafield><datafield ind1=" " ind2="7" tag="655"><subfield code="a">Newspapers.</subfield><subfield code="2">fast</subfield><subfield code="0">(OCoLC)fst01423814</subfield></datafield><datafield ind1=" " ind2="7" tag="651"><subfield code="a">Illinois</subfield><subfield code="z">Sidell.</subfield><subfield code="2">fast</subfield><subfield code="0">(OCoLC)fst01926164</subfield></datafield><datafield ind1=" " ind2=" " tag="752"><subfield code="a">United States</subfield><subfield code="b">Illinois</subfield><subfield code="c">Vermilion County</subfield><subfield code="d">Sidell.</subfield></datafield><datafield ind1="0" ind2="0" tag="785"><subfield code="t">Sidell journal</subfield><subfield code="w">(DLC)sn 92053114</subfield><subfield code="w">(OCoLC)25145729</subfield></datafield></record>